
@article{averbuch_ct_2012,
	title = {{CT} Reconstruction From Parallel and Fan-Beam Projections by a {2-D} Discrete {Radon} Transform},
	volume = {21},
	issn = {1057-7149, 1941-0042},
	url = {http://ieeexplore.ieee.org/lpdocs/epic03/wrapper.htm?arnumber=5981387},
	doi = {10.1109/TIP.2011.2164416},
	number = {2},
	journal = {{IEEE} Transactions on Image Processing},
	author = {Averbuch, Amir and Sedelnikov, Ilya and Shkolnisky, Yoel},
	month = feb,
	year = {2012},
	keywords = {computed tomography, image processing, parallel projections, radon transform},
	pages = {733--741}
},

@article{hjouj_identification_2008,
	title = {Identification of Reflected, Scaled, Translated, and Rotated Objects From Their {Radon} Projections},
	volume = {17},
	issn = {1057-7149, 1941-0042},
	url = {http://ieeexplore.ieee.org/lpdocs/epic03/wrapper.htm?arnumber=4441936},
	doi = {10.1109/TIP.2007.916160},
	number = {3},
	journal = {{IEEE} Transactions on Image Processing},
	author = {Hjouj, Fawaz and Kammler, David W.},
	month = mar,
	year = {2008},
	keywords = {geometric transforms, image classification, image processing, radon transform},
	pages = {301--310}
}
